@article{anthes1977cumulus,
    title={A cumulus parameterization scheme utilizing a one-dimensional cloud model},
    author={Anthes, Richard A},
    journal={Monthly Weather Review},
    volume={105},
    number={3},
    pages={270--286},
    year={1977}
}

@article{arakawa2013unified,
    title={A unified representation of deep moist convection in numerical modeling of the atmosphere. Part I},
    author={Arakawa, Akio and Wu, Chien-Ming},
    journal={Journal of the Atmospheric Sciences},
    volume={70},
    number={7},
    pages={1977--1992},
    year={2013}
}

@article{efstathiou2016grey,
  title={Grey zone simulations of the morning convective boundary layer development},
  author={Efstathiou, GA and Beare, RJ and Osborne, S and Lock, AP},
  journal={Journal of Geophysical Research: Atmospheres},
  volume={121},
  number={9},
  pages={4769--4782},
  year={2016},
  publisher={Wiley Online Library}
}

@article{boutle2014seamless,
  title={Seamless stratocumulus simulation across the turbulent gray zone},
  author={Boutle, IA and Eyre, JEJ and Lock, AP},
  journal={Monthly Weather Review},
  volume={142},
  number={4},
  pages={1655--1668},
  year={2014}
}
@article{priestley1993quasi,
  title={A quasi-conservative version of the semi-Lagrangian advection scheme},
  author={Priestley, A},
  journal={Monthly Weather Review},
  volume={121},
  number={2},
  pages={621--629},
  year={1993}
}

@article{zerroukat2010simple,
  title={A simple mass conserving semi-Lagrangian scheme for transport problems},
  author={Zerroukat, M},
  journal={Journal of Computational Physics},
  volume={229},
  number={24},
  pages={9011--9019},
  year={2010},
  publisher={Elsevier}
}
@book{stensrud2009parameterization,
  title={Parameterization schemes: keys to understanding numerical weather prediction models},
  author={Stensrud, DJ},
  year={2009},
  publisher={Cambridge University Press}
}

@article{arakawa2004cumulus,
  title={The cumulus parameterization problem: Past, present, and future},
  author={Arakawa, A},
  journal={Journal of Climate},
  volume={17},
  number={13},
  pages={2493--2525},
  year={2004}
}

@article{zerroukat2015monotonic,
  title={On the monotonic and conservative transport on overset/Yin--Yang grids},
  author={Zerroukat, M and Allen, T},
  journal={Journal of Computational Physics},
  volume={302},
  pages={285--299},
  year={2015},
  publisher={Elsevier}
}

@article{cohen2006fluctuations,
  title={Fluctuations in an equilibrium convective ensemble. Part II: Numerical experiments},
  author={Cohen, BG and Craig, GC},
  journal={Journal of the atmospheric sciences},
  volume={63},
  number={8},
  pages={2005--2015},
  year={2006}
}

@article{craig2006fluctuations,
  title={Fluctuations in an equilibrium convective ensemble. Part I: Theoretical formulation},
  author={Craig, GC and Cohen, BG},
  journal={Journal of the atmospheric sciences},
  volume={63},
  number={8},
  pages={1996--2004},
  year={2006}
}


@article{holloway2014understanding,
    title={Understanding and representing atmospheric convection across scales: recommendations from the meeting held at Dartington Hall, Devon, UK, 28--30 January 2013},
    author={Holloway, Christopher E and Petch, Jon C and Beare, Robert J and Bechtold, Peter and Craig, George C and Derbyshire, Stephen H and Donner, Leo J and Field, Paul R and Gray, Suzanne L and Marsham, John H and others},
    journal={Atmospheric Science Letters},
    volume={15},
    number={4},
    pages={348--353},
    year={2014},
    publisher={Wiley Online Library}
}

@article{fritsch1980numerical,
    title={Numerical prediction of convectively driven mesoscale pressure systems. Part I: Convective parameterization},
    author={Fritsch, J Michael and Chappell, Charles F},
    journal={Journal of the Atmospheric Sciences},
    volume={37},
    number={8},
    pages={1722--1733},
    year={1980}
}

@article{tiedtke1989comprehensive,
    title={A comprehensive mass flux scheme for cumulus parameterization in large-scale models},
    author={Tiedtke, M},
    journal={Monthly Weather Review},
    volume={117},
    number={8},
    pages={1779--1800},
    year={1989}
}

@article{gregory1990mass,
    title={A mass flux convection scheme with representation of cloud ensemble characteristics and
    stability-dependent closure},
    author={Gregory, D and Rowntree, PR},
    journal={Monthly Weather Review},
    volume={118},
    number={7},
    pages={1483--1506},
    year={1990}
}

@article{plant2008stochastic,
    title={A stochastic parameterization for deep convection based on equilibrium statistics},
    author={Plant, RS and Craig, GC},
    journal={Journal of the Atmospheric Sciences},
    volume={65},
    number={1},
    pages={87--105},
    year={2008}
}

@article{sakradzija2016stochastic,
    title={A stochastic scale-aware parameterization of shallow cumulus convection across the convective gray zone},
    author={Sakradzija, M and Seifert, A and Dipankar, A},
    journal={Journal of Advances in Modeling Earth Systems},
    year={2016},
    publisher={Wiley Online Library}
}

@article{arakawa1974interaction,
    title={Interaction of a cumulus cloud ensemble with the large-scale environment, Part I},
    author={Arakawa, A and Schubert, WH},
    journal={Journal of the Atmospheric Sciences},
    volume={31},
    number={3},
    pages={674--701},
    year={1974}
}

@article{ching2014convectively,
    title={Convectively induced secondary circulations in fine-grid mesoscale numerical weather prediction models},
    author={Ching, J and Rotunno, R and LeMone, M and Martilli, A and Kosovic, B and Jimenez, PA and Dudhia, J},
    journal={Monthly Weather Review},
    volume={142},
    number={9},
    pages={3284--3302},
    year={2014}
}

@article{TMM1982,
  title={Two-dimensional convection in non-constant shear: A model of mid-latitude squall lines},
  author={Thorpe, AJ and Miller, MJ and Moncrieff, MW},
  journal={Quarterly Journal of The Royal Meteorological Society},
  volume={108},
  number={458},
  pages={739--762},
  year={1982},
  publisher={Wiley Online Library}
}


@article{yanai1973determination,
  title={Determination of bulk properties of tropical cloud clusters from large-scale heat and moisture budgets},
  author={Yanai, M and Esbensen, S and Chu, J},
  journal={Journal of the Atmospheric Sciences},
  volume={30},
  number={4},
  pages={611--627},
  year={1973}
}

@article{RKW1988,
  title={A theory for strong, long-lived squall lines},
  author={Rotunno, R and Klemp, JB and Weisman, ML},
  journal={Journal of the Atmospheric Sciences},
  volume={45},
  number={3},
  pages={463--485},
  year={1988}
}

@article{sengupta1990cumulus,
  title={Cumulus cloud field morphology and spatial patterns derived from high spatial resolution Landsat imagery},
  author={Sengupta, SK and Welch, RM and Navar, MS and Berendes, TA and Chen, DW},
  journal={Journal of Applied Meteorology},
  volume={29},
  number={12},
  pages={1245--1267},
  year={1990}
}


@article{RE2001,
  title={The effect of vertical wind shear on radiative--convective equilibrium states},
  author={Robe, FR and Emanuel, KA},
  journal={Journal of the atmospheric sciences},
  volume={58},
  number={11},
  pages={1427--1445},
  year={2001}
}

@article{parker2007simulated,
  title={Simulated convective lines with parallel stratiform precipitation. Part I: An archetype for convection in along-line shear},
  author={Parker, MD},
  journal={Journal of the atmospheric sciences},
  volume={64},
  number={2},
  pages={267--288},
  year={2007}
}

@article{houze1977structure,
  title={Structure and dynamics of a tropical squall--line system},
  author={Houze Jr, RA},
  journal={Monthly Weather Review},
  volume={105},
  number={12},
  pages={1540--1567},
  year={1977}
}

@article{berner2017stochastic,
  title={Stochastic parameterization: towards a new view of weather and climate models},
  author={Berner, J and Achatz, U and Batte, L and Bengtsson, L and De La Camara, A and Christensen, HM and Colangeli, M and Coleman, DRB and Crommelin, D and Dolaptchiev, SI and others},
  journal={Bulletin of the American Meteorological Society},
  number={2017},
  year={2017}
}

@article{muetz2017effects,
  title={Effects of vertical shear on cloud field organization and variability (in prep.)},
  author={Muetzelfeldt, MR and Plant, RS and Clark, PA},
  year={2017}
}

@article{plant2009statistical,
  title={Statistical properties of cloud lifecycles in cloud-resolving models},
  author={Plant, RS},
  journal={Atmospheric Chemistry and Physics},
  volume={9},
  number={6},
  pages={2195--2205},
  year={2009},
  publisher={Copernicus GmbH}
}

@article{mapes2011parameterizing,
  title={Parameterizing convective organization to escape the entrainment dilemma},
  author={Mapes, B and Neale, R},
  journal={Journal of Advances in Modeling Earth Systems},
  volume={3},
  number={2},
  year={2011},
  publisher={Wiley Online Library}
}

@article{tompkins2017organization,
  title={Organization of tropical convection in low vertical wind shears: Role of updraft entrainment},
  author={Tompkins, AM and Semie, AG},
  journal={Journal of Advances in Modeling Earth Systems},
  year={2017},
  publisher={Wiley Online Library}
}

@article{willett2017simple,
  title={A simple prognostic based convective entrainment rate for the unified model: description and tests},
  author={Willett, MR and Whitall, MA},
  journal={Forecasting Research Technical Report},
  year={2017},
  publisher={Met Office}
}

@article{wilson1998nowcasting,
  title={Nowcasting thunderstorms: A status report},
  author={Wilson, JW and Crook, NA and Mueller, CK and Sun, J and Dixon, M},
  journal={Bulletin of the American Meteorological Society},
  volume={79},
  number={10},
  pages={2079--2099},
  year={1998}
}

@article{houchi2010comparison,
  title={Comparison of wind and wind shear climatologies derived from high-resolution radiosondes and the ECMWF model},
  author={Houchi, K and Stoffelen, A and Marseille, GJ and De Kloe, J},
  journal={Journal of Geophysical Research: Atmospheres},
  volume={115},
  number={D22},
  year={2010},
  publisher={Wiley Online Library}
}

@article{aiyyer2006climatology,
  title={Climatology of vertical wind shear over the tropical Atlantic},
  author={Aiyyer, AR and Thorncroft, C},
  journal={Journal of Climate},
  volume={19},
  number={12},
  pages={2969--2983},
  year={2006}
}

@article{davies2009simple,
  title={A simple model of convection with memory},
  author={Davies, L and Plant, RS and Derbyshire, SH},
  journal={Journal of Geophysical Research: Atmospheres},
  volume={114},
  number={D17},
  year={2009},
  publisher={Wiley Online Library}
}

@article{scikit-learn,
 title={Scikit-learn: Machine Learning in {P}ython},
 author={Pedregosa, F. and Varoquaux, G. and Gramfort, A. and Michel, V.
         and Thirion, B. and Grisel, O. and Blondel, M. and Prettenhofer, P.
         and Weiss, R. and Dubourg, V. and Vanderplas, J. and Passos, A. and
         Cournapeau, D. and Brucher, M. and Perrot, M. and Duchesnay, E.},
 journal={Journal of Machine Learning Research},
 volume={12},
 pages={2825--2830},
 year={2011}
}
